%% This BibTeX bibliography file was created using BibDesk.
%% http://bibdesk.sourceforge.net/


%% Created for Alexander Pollak at 2016-09-16 15:35:51 +0100 


%% Saved with string encoding Unicode (UTF-8) 



@book{connor1982noise,
  title={Noise},
  author={Connor, F.R.},
  isbn={9780713134599},
  lccn={76356483},
  series={Introductory topics in electronics and telecommunication},
  url={},
  year={1982},
  publisher={Edward Arnold}
}

@book{goldsmith1998quasioptical,
	Author = {Goldsmith, P.F.},
	Isbn = {9780780334397},
	Lccn = {97039614},
	Publisher = {Wiley},
	Series = {IEEE Press Series on RF and Microwave Technology},
	Title = {Quasioptical Systems: Gaussian Beam Quasioptical Propogation and Applications},
	Url = {https://books.google.co.uk/books?id=q0uOQgAACAAJ},
	Year = {1998},
	Bdsk-Url-1 = {https://books.google.co.uk/books?id=q0uOQgAACAAJ}}

@misc{ticra,
	Howpublished = {\url{http://www.ticra.com/}},
	Key = {TICRA},
	Lastchecked = {01.09.2015},
	Organisation = {Private Company},
	Title = {ï¿½2011 TICRA},
	Year = 2015}

@article{finsynth,
	Author = {Chris North, Ghassan Yassin and Paul Grimes},
	Date-Added = {2015-08-26 11:04:12 +0000},
	Date-Modified = {2015-08-26 11:05:22 +0000},
	Journal = {Proceedings of the 17th International Symposium on Space Terahertz Technology},
	Title = {Rigorous Analysis and Design of Finline Tapers for High Performance Millimetre and Submillimetre Detectors},
	Year = {2006}}

@article{waveguide,
	Author = {R. K. Kushwaha, S. Srivastava, Vijayshree Chaursiya},
	Date-Added = {2015-08-25 13:00:24 +0000},
	Date-Modified = {2015-08-25 13:02:07 +0000},
	Journal = {SOP TRANSACTIONS ON WIRELESS COMMUNICATIONS},
	Month = {July},
	Number = {2},
	Title = {A Novel Approach to Analyze a Circular Waveguide in Air and Dielectric Medium},
	Volume = {1},
	Year = {2014}}

@misc{GH3_drawing,
	Date-Added = {2015-08-24 10:13:22 +0000},
	Date-Modified = {2015-08-24 10:22:20 +0000},
	Institution = {RANTEC CALABASAS California},
	Title = {Configuration Drawing Antenna Feed-Model ASF-129 for Goonhilly 3},
	Year = {1976}}

@misc{cbass_hompage,
	Howpublished = {\url{http://www.astro.caltech.edu/cbass}},
	Note = {Accessed: 2015-08-17},
	Title = {{C-BASS} C-Band All Sky Survey}}

@misc{casper,
	Author = {CASPER},
	Howpublished = {\url{https://casper.berkeley.edu}},
	Note = {Accessed: 2014-06-23},
	Title = {Collaboration for Astronomy Signal Processing and Electronics Research},
	Year = {2009}}

@inproceedings{2010SPIE.7741E..1IK,
	Adsnote = {Provided by the SAO/NASA Astrophysics Data System},
	Adsurl = {http://adsabs.harvard.edu/abs/2010SPIE.7741E..1IK},
	Archiveprefix = {arXiv},
	Author = {{King}, O.~G. and {Copley}, C. and {Davies}, R. and {Davis}, R. and {Dickinson}, C. and {Hafez}, Y.~A. and {Holler}, C. and {John}, J.~J. and {Jonas}, J.~L. and {Jones}, M.~E. and {Leahy}, J.~P. and {Muchovej}, S.~J.~C. and {Pearson}, T.~J. and {Readhead}, A.~C.~S. and {Stevenson}, M.~A. and {Taylor}, A.~C.},
	Booktitle = {Society of Photo-Optical Instrumentation Engineers (SPIE) Conference Series},
	Doi = {10.1117/12.858011},
	Eid = {77411I},
	Eprint = {1008.4082},
	Month = jul,
	Pages = {1},
	Primaryclass = {astro-ph.GA},
	Series = {Society of Photo-Optical Instrumentation Engineers (SPIE) Conference Series},
	Title = {{The C-Band All-Sky Survey: instrument design, status, and first-look data}},
	Volume = 7741,
	Year = 2010,
	Bdsk-Url-1 = {http://dx.doi.org/10.1117/12.858011}}

@book{burke2010introduction,
	Author = {Burke, B.F. and Graham-Smith, F.},
	Isbn = {9780521878081},
	Lccn = {2010285007},
	Publisher = {Cambridge University Press},
	Title = {An Introduction to Radio Astronomy},
	Url = {https://books.google.co.uk/books?id=4dI6isxCmEcC},
	Year = {2010},
	Bdsk-Url-1 = {https://books.google.co.uk/books?id=4dI6isxCmEcC}}

@article{granet2005design,
	Author = {Granet, Christophe and James, Graeme L},
	Journal = {Antennas and Propagation Magazine, IEEE},
	Number = {2},
	Pages = {76--84},
	Publisher = {IEEE},
	Title = {Design of corrugated horns: a primer},
	Volume = {47},
	Year = {2005}}

@article{grimes2007compact,
	Author = {Grimes, PK and King, OG and Yassin, G and Jones, ME},
	Journal = {Electronics Letters},
	Number = {21},
	Pages = {1146--1148},
	Publisher = {IET},
	Title = {Compact broadband planar orthomode transducer},
	Volume = {43},
	Year = {2007}}

@article{vale1999designing,
	Author = {Vale, Christopher AW and Meyer, Petrie},
	Journal = {Microwave Theory and Techniques, IEEE Transactions on},
	Number = {12},
	Pages = {2467--2472},
	Publisher = {IEEE},
	Title = {Designing high-performance finline tapers with vector-based optimization},
	Volume = {47},
	Year = {1999}}

@article{skinner1991wide,
	Author = {Skinner, Stephen J and James, Graeme L},
	Journal = {Microwave Theory and Techniques, IEEE Transactions on},
	Number = {2},
	Pages = {294--300},
	Publisher = {IEEE},
	Title = {Wide-band orthomode transducers},
	Volume = {39},
	Year = {1991}}

@book{kraus2002antennas,
	Author = {Kraus, J.D. and Marhefka, R.J.},
	Isbn = {9780071232012},
	Lccn = {2001030613},
	Publisher = {McGraw-Hill},
	Series = {McGraw-Hill series in electrical engineering},
	Title = {Antennas: For All Applications},
	Url = {https://books.google.co.uk/books?id=V6pSPgAACAAJ},
	Year = {2002},
	Bdsk-Url-1 = {https://books.google.co.uk/books?id=V6pSPgAACAAJ}}

@manual{grasp_technical_description,
	Author = {Knud Pontoppidan},
	Date-Added = {2005-09-01 15:32:51 +0000},
	Date-Modified = {2015-08-07 11:57:04 +0000},
	Month = {09},
	Organization = {TICRA Engineering Consultants},
	Title = {GRASP9 Technical Description},
	Year = {2005}}

@misc{optic_memo,
	Author = {Alexander Pollak},
	Date-Added = {2015-05-21 15:32:51 +0000},
	Date-Modified = {2015-05-22 10:38:41 +0000},
	Month = {02},
	Title = {Goonhilly 3 Optics Memorandum},
	Year = {2015}}

@article{2011arXiv1103.1214H,
	Adsnote = {Provided by the SAO/NASA Astrophysics Data System},
	Adsurl = {http://adsabs.harvard.edu/abs/2011arXiv1103.1214H},
	Archiveprefix = {arXiv},
	Author = {{Heywood}, I. and {Kloeckner}, H. and {Beswick}, R. and {Garrington}, S.~T. and {Hatchell}, J. and {Hoare}, M.~G. and {Jarvis}, M.~J. and {Jones}, I. and {Muxlow}, T.~W.~B. and {Rawlings}, S.},
	Eprint = {1103.1214},
	Journal = {ArXiv e-prints},
	Keywords = {Astrophysics - Instrumentation and Methods for Astrophysics},
	Month = mar,
	Primaryclass = {astro-ph.IM},
	Title = {{Expanding e-MERLIN with the Goonhilly Earth Station}},
	Year = 2011}

@article{4733109,
	Author = {D. I. L. D. Villiers and P. Meyer and K. D. Palmer},
	Doi = {10.1049/el:20092887},
	Issn = {0013-5194},
	Journal = {Electronics Letters},
	Keywords = {microwave devices;microwave propagation;transducers;broadband offset quad-ridged waveguide orthomode transducer;cross-coupling levels;polarisations;single-mode operating bandwidth;square waveguide},
	Month = {January},
	Number = {1},
	Pages = {60-62},
	Title = {Broadband offset quad-ridged waveguide orthomode transducer},
	Volume = {45},
	Year = {2009},
	Bdsk-Url-1 = {http://dx.doi.org/10.1049/el:20092887}}

@article{5722980,
	Author = {G. M. Coutts},
	Doi = {10.1109/TAP.2011.2122219},
	Issn = {0018-926X},
	Journal = {IEEE Transactions on Antennas and Propagation},
	Keywords = {polarisation;transducers;OMT design;X-Band OMT prototypes;circular polarization detection;circularly polarized signals;compact geometry;diagonal quadruple-ridge OMT;multiple-pixel feeds;phase shifter;wideband diagonal quadruple-ridge 		orthomode transducer;Cutoff frequency;Electric fields;Feeds;Phase shifters;Pins;Transducers;Waveguide transitions;Orthomode transducers;radio astronomy;reflector antenna feeds;ridge waveguides},
	Month = {June},
	Number = {6},
	Pages = {1902-1909},
	Title = {Wideband Diagonal Quadruple-Ridge Orthomode Transducer for Circular Polarization Detection},
	Volume = {59},
	Year = {2011},
	Bdsk-Url-1 = {http://dx.doi.org/10.1109/TAP.2011.2122219}}

@inproceedings{5525176,
	Author = {Z. Zhuang and B. Li and Q. Fan},
	Booktitle = {Microwave and Millimeter Wave Technology (ICMMT), 2010 International Conference on},
	Doi = {10.1109/ICMMT.2010.5525176},
	Keywords = {finite element analysis;radiotelescopes;transducers;C band receiver;FEM;FIT method;OMT;quad-ridged orthomode transducer;radio telescope;Bandwidth;Coaxial cables;Coaxial components;Observatories;Optical 							design;Polarization;Receivers;Resonance;Transducers;Wideband},
	Month = {May},
	Pages = {867-870},
	Title = {Design of improved quad-ridged orthomode transducer},
	Year = {2010},
	Bdsk-Url-1 = {http://dx.doi.org/10.1109/ICMMT.2010.5525176}}

@inproceedings{1980tdar,
	Adsnote = {Provided by the SAO/NASA Astrophysics Data System},
	Adsurl = {http://adsabs.harvard.edu/abs/1980tdar.nasa...98S},
	Author = {{Stelzried}, C.},
	Booktitle = {The Telecommunications and Data Acquisition Report},
	Editor = {{Berman}, A.~L.},
	Keywords = {Deep Space Network, Noise Temperature, Radiometers, Signal To Noise Ratios, Algorithms, Analysis (Mathematics)},
	Month = oct,
	Title = {{Noise adding radiometer performance analysis}},
	Year = 1980}
	
@article{parks,
	Author = {{Brns, C.} and {Kerp, J.} and {Staveley-Smith, L.} and {Mebold, U.} and {Putman, M. E.} and {Haynes, R. F.} and {Kalberla, P. M. W.} and {Muller, E.} and {Filipovic, M. D.}},
	Doi= {10.1051/0004-6361:20040321},
	Journal = {A\&A},
	Number = {1},
	Pages = {45-67},
	Title = {The Parkes HI Survey of the Magellanic System},
	Volume = {432},
	Year = {2005},
	Bdsk-Url-1 = {http://dx.doi.org/10.1051/0004-6361:20040321}}
	
@misc{vegas,
 	 title = {{VEGAS} National Radio Astronomy Observatory, Greenbank},
  	howpublished = {\url{http://www.gb.nrao.edu/vegas/}},
  	note = {Accessed: 2016-09-26}}

@misc{SGA-2286,
     Institution = {Sirenza Microdevices},
 	 title = {SGA-2286 Amplifier Datasheet},
  	howpublished = {\url{https://www.rfmw.com/datasheets/qorvo/sga-2286(z)_datasheet.pdf}},
  	note = {Accessed: 2020-09-22}}

@misc{HMC412,
     Institution = {Analog Devices},
 	 title = {HMC412 Mixer Datasheet},
  	howpublished = {\url{https://www.analog.com/media/en/technical-documentation/data-sheets/hmc412a.pdf}},
  	note = {Accessed: 2020-09-22}}

@misc{HMC516,
     Institution = {Analog Devices},
 	 title = {HMC516 Amplifier Datasheet},
  	howpublished = {\url{https://www.analog.com/media/en/technical-documentation/data-sheets/HMC516LC5.pdf}},
  	note = {Accessed: 2020-09-22}}
  	
@misc{HMC260,
     Institution = {Analog Devices},
 	 title = {HMC260 Mixer Datasheet},
  	howpublished = {\url{https://www.analog.com/media/en/technical-documentation/data-sheets/hmc260.pdf}},
  	note = {Accessed: 2020-09-22}}
  	
@misc{DSC40S,
     Institution = {Discovery Semiconductors, Inc.},
 	 title = {DSC40S Fiber Detector Datasheet},
  	howpublished = {\url{https://github.com/SETIatHCRO/ata_docs/blob/master/RFCB/DataScheetDSC50S.pdf}},
  	note = {Accessed: 2020-09-22}}
  	
@misc{NDA-412,
     Institution = {RF Micro Devices},
 	 title = {NDA-412 Amplifier Datasheet},
  	howpublished = {\url{https://github.com/SETIatHCRO/ata_docs/blob/master/PAX/DataSheetNDA412.pdf}},
  	note = {Accessed: 2020-09-22}}
  	
@misc{HMC424LP3,
     Institution = {Analog Devices},
 	 title = {HMC424LP3 Attenuator Datasheet},
  	howpublished = {\url{https://www.analog.com/media/en/technical-documentation/data-sheets/hmc424.pdf}},
  	note = {Accessed: 2020-09-22}}
  	
@misc{AA06-xxH,
     Institution = {AtlanTec RF},
 	 title = {AA06-xxH Attenuator Datasheet},
  	howpublished = {\url{https://www.atlanticmicrowave.com/sites/default/files/products/downloads/Attenuator\%20Kits\%20-\%20ASET\%20Series_0.pdf}},
  	note = {Accessed: 2020-09-22}}
  	
@misc{ZX60-43-S+,
     Institution = {Mini-Circuits},
 	 title = {ZX60-43-S+ Amplifier Datasheet},
  	howpublished = {\url{https://www.minicircuits.com/pdfs/ZX60-43-S+.pdf}},
  	note = {Accessed: 2020-09-22}}
  	
@misc{ZX76-31R5A-SPS+,
     Institution = {Mini-Circuits},
 	 title = {ZX76-31R5A-SPS+ Attenuator Datasheet},
  	howpublished = {\url{https://www.minicircuits.com/pdfs/ZX76-31R5A-SPS+.pdf}},
  	note = {Accessed: 2020-09-22}}
  	
@misc{EV8AQ160,
     Institution = {Teledyne Technologies},
 	 title = {ADC 5G Datasheet},
  	howpublished = {\url{https://www.e2v.com/resources/account/download-datasheet/2291}},
  	note = {Accessed: 2020-09-22}}
  	
@misc{NX8560LJ-CC189,
     Institution = {NEC},
 	 title = {NX8560LJ-CC189 Fiber Transmitter Datasheet},
  	howpublished = {\url{https://github.com/SETIatHCRO/ata_docs/blob/master/PAX/DataSheetNX8560LJ-CC189.pdf}},
  	note = {Accessed: 2020-09-22}}
  	
@misc{AA18-xxH,
     Institution = {AtlanTec RF},
 	 title = {AA18-xxH Attenuator Datasheet},
  	howpublished = {\url{https://www.atlanticmicrowave.com/sites/default/files/products/downloads/Attenuator\%20Kits\%20-\%20ASET\%20Series.pdf}},
  	note = {Accessed: 2020-09-22}}
  	
@misc{Antionio_Feed_LNAs,
     Institution = {Low Noise Factory},
 	 title = {Antonio Feed LNA Datasheets},
  	howpublished = {\url{https://github.com/SETIatHCRO/ata_docs/tree/master/ATA_Feeds/MEC\%20LNA\%20SN\%20Info}},
  	note = {Accessed: 2020-09-22}}
  	
@misc{ATA_amps_fiberoptic_link_memo,
     Authors = {Dick Plambeck, John Cartwright, and Doug Thornton},
 	 title = {Tests of an ATA amplifier and fiberoptic link},
  	howpublished = {\url{https://www.seti.org/sites/default/files/ATA-memo-series/memo54.pdf}},
  	note = {Accessed: 2020-09-22}}
  	
  	
@misc{RFCB-Measurement,
     Authors = {Sarah Schoultz, Alexander Pollak},
 	 title = {RFCB Measurement Memo},
  	howpublished = {\url{https://github.com/SETIatHCRO/ata_docs/tree/master/MEMOS/RFCB-Measurement}},
  	note = {Accessed: 2020-09-22}}	
  	
  	
  	
@book{rohlfs2013tools,
  title={Tools of Radio Astronomy},
  author={Rohlfs, K. and Wilson, T.L.},
  isbn={9783662053942},
  series={Astronomy and Astrophysics Library},
  url={},
  year={2013},
  publisher={Springer Berlin Heidelberg}
}

@online{reflectionloss,
	Author = {},
	Title = {{Noise Figure of Passives}},
	Url = {https://www.microwaves101.com/encyclopedias/noise-figure-of-passives},
	Urldate = {2018-05-11},
	Year = {2018},
	Bdsk-Url-1 = {https://www.microwaves101.com/encyclopedias/noise-figure-of-passives}
}